@article{shaikh2018internet,
  title={{Internet of Malicious Things: Correlating Active and Passive Measurements for Inferring and Characterizing Internet-Scale Unsolicited IoT Devices}},
  author={Shaikh, Farooq and Bou-Harb, Elias and Neshenko, Nataliia and Wright, Andrea P and Ghani, Nasir},
  journal={IEEE Communications Magazine},
  volume={56},
  number={9},
  pages={170--177},
  year={2018},
  publisher={IEEE}
}

@inproceedings{stalmans2011framework,
  title={{A framework for DNS based detection and mitigation of malware infections on a network}},
  author={Stalmans, Etienne and Irwin, Barry},
  booktitle={Information Security South Africa (ISSA), 2011},
  pages={1--8},
  year={2011},
  organization={IEEE}
}

@article{zafar2009current,
  title={{Current state of information security research in IS}},
  author={Zafar, Humayun and Clark, Jan Guynes},
  journal={Communications of the Association for Information Systems},
  volume={24},
  number={1},
  pages={34},
  year={2009}
}

@article{crossler2013future,
  title={{Future directions for behavioral information security research}},
  author={Crossler, Robert E and Johnston, Allen C and Lowry, Paul Benjamin and Hu, Qing and Warkentin, Merrill and Baskerville, Richard},
  journal={computers \& security},
  volume={32},
  pages={90--101},
  year={2013},
  publisher={Elsevier}
}

@book{gollmann2006computer,
  title={{Computer Security--ESORICS 2017: 22nd European Symposium on Research in Computer Security, Oslo, Norway, September 18-20, 2017, Proceedings}},
  author={Gollmann, Dieter and Meier, Jan},
  volume={4189},
  year={2017},
  publisher={Springer Science \& Business Media}
}

@article{herbert2017bolvedere,
  title={{BOLVEDERE: Ascalable NETWORK FLOW}},
  author={Herbert, Alan},
  year={2017}
}

@inproceedings{herbert2018towards,
  title={{Towards Enhanced Threat Intelligence Through NetFlow Distillation}},
  author={Herbert, Alan and Irwin, Barry},
  booktitle={Southern Africa Telecommunication Networks and Applications Conference (SATNAC)},
  volume={2018},
  year={2018}
}

@inproceedings{herbert2016towards,
  title={{Towards malicious network activity mitigation through subnet reputation analysis}},
  author={Herbert, Alan and Irwin, Barry},
  booktitle={Southern Africa Telecommunication Networks and Applications Conference (SATNAC)},
  volume={2016},
  year={2016}
}

@article{ostle1963statistics,
  title={{Statistics in research.}},
  author={Ostle, Bernard and others},
  journal={Statistics in research.},
  number={2nd Ed},
  volume={1963},
  year={1963},
  publisher={The Iowa State University Press, Ames.}
}
@article{sweeneynetflow,
  title={{A NetFlow Scoring Framework For Incident Detection}},
  author={Sweeney, Michael and Irwin, Barry}
}

@inproceedings{antonakakis2017understanding,
  title={{Understanding the mirai botnet}},
  author={Antonakakis, Manos and April, Tim and Bailey, Michael and Bernhard, Matt and Bursztein, Elie and Cochran, Jaime and Durumeric, Zakir and Halderman, J Alex and Invernizzi, Luca and Kallitsis, Michalis and others},
  booktitle={26th $\{$USENIX$\}$ Security Symposium ($\{$USENIX$\}$ Security 17)},
  pages={1093--1110},
  year={2017}
}

@article{empirical,
  title={{An empirical comparison of botnet detection methods}},
  author={Garcia, Sebastian and Grill, Martin and Stiborek, Jan and Zunino, Alejandro},
  journal={computers \& security},
  volume={45},
  pages={100--123},
  year={2014},
  publisher={Elsevier}
}

@article{zhao2013botnet,
  title={{Botnet detection based on traffic behavior analysis and flow intervals}},
  author={Zhao, David and Traore, Issa and Sayed, Bassam and Lu, Wei and Saad, Sherif and Ghorbani, Ali and Garant, Dan},
  journal={Computers \& Security},
  volume={39},
  pages={2--16},
  year={2013},
  publisher={Elsevier}
}

@inproceedings{disclosure,
  title={{Disclosure: detecting botnet command and control servers through large-scale netflow analysis}},
  author={Bilge, Leyla and Balzarotti, Davide and Robertson, William and Kirda, Engin and Kruegel, Christopher},
  booktitle={Proceedings of the 28th Annual Computer Security Applications Conference},
  pages={129--138},
  year={2012},
  organization={ACM}
}

@inproceedings{lustrum,
  title={{A lustrum of malware network communication: Evolution and insights}},
  author={Lever, Chaz and Kotzias, Platon and Balzarotti, Davide and Caballero, Juan and Antonakakis, Manos},
  booktitle={2017 IEEE Symposium on Security and Privacy (SP)},
  pages={788--804},
  year={2017},
  organization={IEEE}
}

@inproceedings{outside,
  title={{Outside the closed world: On using machine learning for network intrusion detection}},
  author={Sommer, Robin and Paxson, Vern},
  booktitle={2010 IEEE symposium on security and privacy},
  pages={305--316},
  year={2010},
  organization={IEEE}
}

@article{psybog,
  title={{PsyBoG: A scalable botnet detection method for large-scale DNS traffic}},
  author={Kwon, Jonghoon and Lee, Jehyun and Lee, Heejo and Perrig, Adrian},
  journal={Computer Networks},
  volume={97},
  pages={48--73},
  year={2016},
  publisher={Elsevier}
}

@article{ahmedsurvey,
  title={{A survey of network anomaly detection techniques}},
  author={Ahmed, Mohiuddin and Mahmood, Abdun Naser and Hu, Jiankun},
  journal={Journal of Network and Computer Applications},
  volume={60},
  pages={19--31},
  year={2016},
  publisher={Elsevier}
}

@article{overview,
  title={{An overview of IP flow-based intrusion detection}},
  author={Sperotto, Anna and Schaffrath, Gregor and Sadre, Ramin and Morariu, Cristian and Pras, Aiko and Stiller, Burkhard},
  journal={IEEE communications surveys \& tutorials},
  volume={12},
  number={3},
  pages={343--356},
  year={2010},
  publisher={IEEE}
}

@misc{vshare,
	title = {{VirusShare}.com}},
	url = {https://virusshare.com/},
	urldate = {2019-03-27TZ}
}

@misc{mik,
	title = {{MikroTik}},
	url = {https://mikrotik.com/},
	abstract = {MikroTik is a Latvian company which was founded in 1996 to develop routers and wireless ISP systems. MikroTik now provides hardware and software for Internet connectivity in most of the countries around the world.},
	language = {en},
	urldate = {2019-03-27TZ}
}

@techreport{dns-rfc,
  author = {P. Mockapetris},
  title = {{Domain names - concepts and facilities}},
  howpublished = {Internet Requests for Comments},
  type = {STD},
  number = {13},
  year = {1987},
  month = {November},
  issn = {2070-1721},
  publisher = {RFC Editor},
  institution = {RFC Editor},
  url = {http://www.rfc-editor.org/rfc/rfc1034.txt},
  note = {\url{http://www.rfc-editor.org/rfc/rfc1034.txt}},
}

@techreport{netflow-rfc,
  author = {B. Claise},
  title = {{Cisco Systems NetFlow Services Export Version 9}},
  howpublished = {Internet Requests for Comments},
  type = {RFC},
  number = {3954},
  year = {2004},
  month = {October},
  issn = {2070-1721},
  publisher = {RFC Editor},
  institution = {RFC Editor},
  url = {http://www.rfc-editor.org/rfc/rfc3954.txt},
  note = {\url{http://www.rfc-editor.org/rfc/rfc3954.txt}},
}

@misc{virtualbox,
	title = {Oracle {VM} {VirtualBox}},
	url = {https://www.virtualbox.org/},
	urldate = {2019-03-28TZ}
}
